
@inproceedings{hans-riegel-1994,
  author    = {H. Hans and R. Riegel},
  title     = {{Der Wohlordnungssatz auf Gummib{\"a}renfarben}},
  booktitle = {Proceedings of the Bi-Annual Symposium on Sweet-Theory},
  year      = {1994},
  pages     = {143-157}
}


@article{riegel-1993,
  author  = {Riegel, R.},
  journal = {Progress in Chocolate},
  pages   = {177--192},
  title   = {{Ein Kriterium zur Stabilisation in iterierten Umf{\"a}rbungen}},
  volume  = {4},
  year    = {1993}
}

