@article{doncieux2015multi,
  title={Multi-objective analysis of computational models},
  author={Doncieux, St{\'e}phane and Li{\'e}nard, Jean and Girard, Beno{\^\i}t and Hamdaoui, Mohamed and Chaskalovic, Jo{\"e}l},
  journal={arXiv preprint arXiv:1507.06877},
  year={2015}
}

@article{eiben2004introduction,
  title={Introduction to evolutionary computing},
  author={Eiben, Agoston E and Smith, JE},
  journal={Assembly Automation},
  volume={24},
  number={3},
  pages={324--324},
  year={2004},
  publisher={Emerald Group Publishing Limited}
}

@article{fonseca1995overview,
  title={An overview of evolutionary algorithms in multiobjective optimization},
  author={Fonseca, Carlos M and Fleming, Peter J},
  journal={Evolutionary computation},
  volume={3},
  number={1},
  pages={1--16},
  year={1995},
  publisher={MIT Press}
}

@book{miettinen2012nonlinear,
  title={Nonlinear multiobjective optimization},
  author={Miettinen, Kaisa},
  volume={12},
  year={2012},
  publisher={Springer Science \& Business Media}
}

@article{efstratiadis2010one,
  title={One decade of multi-objective calibration approaches in hydrological modelling: a review},
  author={Efstratiadis, Andreas and Koutsoyiannis, Demetris},
  journal={Hydrological Sciences Journal--Journal des Sciences Hydrologiques},
  volume={55},
  number={1},
  pages={58--78},
  year={2010},
  publisher={Taylor \& Francis}
}

@inproceedings{fonseca2011computation,
  title={On the computation of the empirical attainment function},
  author={Fonseca, Carlos M and Guerreiro, Andreia P and L{\'o}pez-Ib{\'a}{\~n}ez, Manuel and Paquete, Lu{\'\i}s},
  booktitle={Evolutionary Multi-Criterion Optimization},
  pages={106--120},
  year={2011},
  organization={Springer}
}

@book{deb2001multi,
  title={Multi-objective optimization using evolutionary algorithms},
  author={Deb, Kalyanmoy},
  volume={16},
  year={2001},
  publisher={John Wiley \& Sons}
}

